@article{OKELLY1987393,
    title = {A quadratic integer program for the location of interacting hub facilities},
    journal = {European Journal of Operational Research},
    volume = {32},
    number = {3},
    pages = {393-404},
    year = {1987},
    issn = {0377-2217},
    doi = {https://doi.org/10.1016/S0377-2217(87)80007-3},
    url = {https://www.sciencedirect.com/science/article/pii/S0377221787800073},
    author = {Morton E. O'kelly},
    keywords = {Location, quadratic integer programming, spatial interaction},
}

@inproceedings{Zhou2016/09,
    title={Application of Genetic Algorithm in p-hub Airline Network Design Problem},
    author={YiYe Zhou and DengKai Yao and QianRui Sun and QiKe Wu},
    year={2016/09},
    booktitle={Proceedings of the 2nd International Conference on Electronics, Network and Computer Engineering (ICENCE 2016)},
    pages={298-303},
    issn={2352-538X},
    isbn={978-94-6252-229-9},
    url={https://doi.org/10.2991/icence-16.2016.61},
    doi={https://doi.org/10.2991/icence-16.2016.61},
    publisher={Atlantis Press}
}

@article{Capacitated_allo_Zorica,
    author = {StanimiroviÄ‡, Zorica},
    year = {2007},
    month = {11},
    pages = {},
    title = {Solving the Capacitated Single Allocation Hub Location Problem Using Genetic Algorithm},
    doi = {10.1142/9789812709691_0055}
}